@online{odroid,
	title = {Odroid-XU4}, 
	howpublished = {\url{https://wiki.odroid.com/odroid-xu4/odroid-xu4}},
	note = {Accessed: 2019-09-06}
	
}